%% This BibTeX bibliography file was created using BibDesk.
%% http://bibdesk.sourceforge.net/


%% Created for Kevin at 2014-05-03 14:53:43 +0200 


%% Saved with string encoding Unicode (UTF-8) 



@book{Garcia:1999:NMP:554354,
	Address = {Upper Saddle River, NJ, USA},
	Author = {Garcia, Alejandro L.},
	Date-Added = {2014-04-15 17:18:36 +0000},
	Date-Modified = {2014-04-15 17:21:01 +0000},
	Edition = {2},
	Editor = {Reeves, Alison and Corey, Paul F.},
	Isbn = {0139067442},
	Publisher = {Prentice-Hall, Inc.},
	Title = {Numerical Methods for Physics (2Nd Edition)},
	Year = {1999}}

@techreport{milanGPS,
	Author = {Milan Horemu{\v z}},
	Date-Added = {2014-04-13 18:11:46 +0000},
	Date-Modified = {2014-05-03 12:52:34 +0000},
	Institution = {Royal Institute of Technology},
	Title = {Relative Positioning with GPS},
	Year = {2014},
	Bdsk-File-1 = {YnBsaXN0MDDUAQIDBAUGJCVYJHZlcnNpb25YJG9iamVjdHNZJGFyY2hpdmVyVCR0b3ASAAGGoKgHCBMUFRYaIVUkbnVsbNMJCgsMDxJXTlMua2V5c1pOUy5vYmplY3RzViRjbGFzc6INDoACgAOiEBGABIAFgAdccmVsYXRpdmVQYXRoWWFsaWFzRGF0YV8QJC4uL1JlbGF0aXZlIHBvc2l0aW9uaW5nIHdpdGggR1BTLnBkZtIXCxgZV05TLmRhdGFPEQKQAAAAAAKQAAIAAAhVbnRpdGxlZAAAAAAAAAAAAAAAAAAAAAAAAADO4nyqSCsAAAAwJ2YfUmVsYXRpdmUgcG9zaXRpb25pbmcjM0I2MDYwLnBkZgAAAAAAAAAAAAAAAAAAAAAAAAAAAAAAAAAAAAAAAAAAADtgYM+KsH0AAAAAAAAAAAABAAEAAAkgAAAAAAAAAAAAAAAAAAAAH0wzIC0gQ29tcHV0YXRpb24gb2YgcmVjZSMzMDI3NjYAABAACAAAzuJumgAAABEACAAAz4qUXQAAAAEAIAAwJ2YAMCdZADAnVwAwJ1UAEnpiABJ6RQAGIAIAAmRTAAIAhlVudGl0bGVkOlVzZXJzOgBrZXZpbjoAU2t5RHJpdmU6AEtUSCBXb3JrOgBQZXJpb2QgNCAyMDE0OgBHTlNTOgBMYWJzOgBMMyAtIENvbXB1dGF0aW9uIG9mIHJlY2UjMzAyNzY2OgBSZWxhdGl2ZSBwb3NpdGlvbmluZyMzQjYwNjAucGRmAA4ARAAhAFIAZQBsAGEAdABpAHYAZQAgAHAAbwBzAGkAdABpAG8AbgBpAG4AZwAgAHcAaQB0AGgAIABHAFAAUwAuAHAAZABmAA8AEgAIAFUAbgB0AGkAdABsAGUAZAASAJ5Vc2Vycy9rZXZpbi9Ta3lEcml2ZS9LVEggV29yay9QZXJpb2QgNCAyMDE0L0dOU1MvTGFicy9MMyAtIENvbXB1dGF0aW9uIG9mIHJlY2VpdmVyIHBvc2l0aW9uIGZyb20gY29kZSBhbmQgcGhhc2UgbWVhc3VyZW1lbnRzL1JlbGF0aXZlIHBvc2l0aW9uaW5nIHdpdGggR1BTLnBkZgATAAEvAAAVAAIADP//AACABtIbHB0eWiRjbGFzc25hbWVYJGNsYXNzZXNdTlNNdXRhYmxlRGF0YaMdHyBWTlNEYXRhWE5TT2JqZWN00hscIiNcTlNEaWN0aW9uYXJ5oiIgXxAPTlNLZXllZEFyY2hpdmVy0SYnVHJvb3SAAQAIABEAGgAjAC0AMgA3AEAARgBNAFUAYABnAGoAbABuAHEAcwB1AHcAhACOALUAugDCA1YDWANdA2gDcQN/A4MDigOTA5gDpQOoA7oDvQPCAAAAAAAAAgEAAAAAAAAAKAAAAAAAAAAAAAAAAAAAA8Q=}}
